<?xml version='1.0' encoding='utf-8'?>
<record xmlns="http://www.loc.gov/MARC21/slim" xmlns:xsi="http://www.w3.org/2001/XMLSchema-instance">
  <leader>00000njm^a2200397^a^4500</leader>
  <controlfield tag="001">003820912</controlfield>
  <controlfield tag="005">20060523130735.0</controlfield>
  <controlfield tag="007">sd^bsmenn^^^^^</controlfield>
  <controlfield tag="008">030127s1975^^^^caumcn^^^f^^^^^^^^^^eng^^</controlfield>
  <datafield tag="010" ind1=" " ind2=" ">
    <subfield code="a">75750853</subfield>
  </datafield>
  <datafield tag="028" ind1="0" ind2="2">
    <subfield code="a">LP 142</subfield>
    <subfield code="b">Pelican Records</subfield>
  </datafield>
  <datafield tag="035" ind1=" " ind2=" ">
    <subfield code="a">(OCoLC)ocm04426261</subfield>
  </datafield>
  <datafield tag="040" ind1=" " ind2=" ">
    <subfield code="a">DLC</subfield>
    <subfield code="c">CLE</subfield>
    <subfield code="d">CLE</subfield>
    <subfield code="d">IXA</subfield>
    <subfield code="d">OCL</subfield>
    <subfield code="d">OCLCQ</subfield>
    <subfield code="d">IXA</subfield>
    <subfield code="d">BEU</subfield>
  </datafield>
  <datafield tag="045" ind1=" " ind2=" ">
    <subfield code="a">x4x4</subfield>
  </datafield>
  <datafield tag="090" ind1=" " ind2=" ">
    <subfield code="a">[M1507]</subfield>
  </datafield>
  <datafield tag="100" ind1="1" ind2=" ">
    <subfield code="a">Brown, Forman George.</subfield>
  </datafield>
  <datafield tag="240" ind1="1" ind2="0">
    <subfield code="a">Turnabout.</subfield>
    <subfield code="k">Selections</subfield>
  </datafield>
  <datafield tag="245" ind1="1" ind2="0">
    <subfield code="a">Turnabout</subfield>
    <subfield code="h">[sound recording] :</subfield>
    <subfield code="b">a satirical revue /</subfield>
    <subfield code="c">[words and music by Forman Brown].</subfield>
  </datafield>
  <datafield tag="260" ind1=" " ind2=" ">
    <subfield code="a">Los Angeles, Calif. :</subfield>
    <subfield code="b">Pelican Records,</subfield>
    <subfield code="c">p1975.</subfield>
  </datafield>
  <datafield tag="300" ind1=" " ind2=" ">
    <subfield code="a">1 sound disc :</subfield>
    <subfield code="b">analog, 33 1/3 rpm, stereo. ;</subfield>
    <subfield code="c">12 in.</subfield>
  </datafield>
  <datafield tag="500" ind1=" " ind2=" ">
    <subfield code="a">Title from container.</subfield>
  </datafield>
  <datafield tag="500" ind1=" " ind2=" ">
    <subfield code="a">"Original cast recording."</subfield>
  </datafield>
  <datafield tag="500" ind1=" " ind2=" ">
    <subfield code="a">Selections from the revue at the Turnabout Theatre in Hollywood, which ran between 1941 and 1956; words by the composer.</subfield>
  </datafield>
  <datafield tag="511" ind1="0" ind2=" ">
    <subfield code="a">Turnabout Players, with Elsa Lanchester; principally with the composer at the piano.</subfield>
  </datafield>
  <datafield tag="518" ind1=" " ind2=" ">
    <subfield code="a">Recorded at Thee Studio, Claremont, California, August 17 and 22, September 14 and 28, 1975.</subfield>
  </datafield>
  <datafield tag="500" ind1=" " ind2=" ">
    <subfield code="a">Program notes by S. Jabloner on container.</subfield>
  </datafield>
  <datafield tag="505" ind1="0" ind2=" ">
    <subfield code="a">Turnabout -- Mrs. Pettibone's chandelier -- If you can't get in the corners -- Claribel the great -- Incident in Arch Street -- Mein Herz --Brunnhilde rides again -- March of rhyme -- Catalogue woman -- Victory garden.--The Doge's dilemma -- The last show -- When a lady has a piazza --Finale.</subfield>
  </datafield>
  <datafield tag="650" ind1=" " ind2="0">
    <subfield code="a">Revues</subfield>
    <subfield code="v">Excerpts.</subfield>
  </datafield>
  <datafield tag="650" ind1=" " ind2="0">
    <subfield code="a">Musicals</subfield>
    <subfield code="v">Excerpts.</subfield>
  </datafield>
  <datafield tag="655" ind1=" " ind2="7">
    <subfield code="a">Sound recordings.</subfield>
    <subfield code="2">aat</subfield>
  </datafield>
  <datafield tag="700" ind1="1" ind2=" ">
    <subfield code="a">Lanchester, Elsa,</subfield>
    <subfield code="d">1902-1986</subfield>
    <subfield code="4">prf</subfield>
  </datafield>
  <datafield tag="710" ind1="2" ind2=" ">
    <subfield code="a">Turnabout Players.</subfield>
    <subfield code="4">prf</subfield>
  </datafield>
  <datafield tag="852" ind1="8" ind2=" ">
    <subfield code="a">MiU-H</subfield>
    <subfield code="b">BENT</subfield>
    <subfield code="h">03109 Aa 2</subfield>
  </datafield>
  <datafield tag="998" ind1=" " ind2=" ">
    <subfield code="c">LAC</subfield>
  </datafield>
  <datafield tag="955" ind1=" " ind2=" ">
    <subfield code="b">BENT</subfield>
    <subfield code="p">B1639325</subfield>
  </datafield>
</record>
